@online{cisco_forecast,
	AUTHOR =  {Cisco} ,
	TITLE =  {Complete Visual Networking Index (VNI) Forecast}  ,
	URL = {http://www.cisco.com/c/en/us/solutions/service-provider/visual-networking-index-vni/index.html?stickynav=1} ,
	URLDATE =  {2017-07-11}
}

@online{IoT_definitions,
	AUTHOR =  {Thomas Fischer} ,
	publisher = {NetPress GmbH},
	TITLE =  {Internet of Things-Buzzwords: Das bedeuten die Schlagwörter},
	URL =  {https://www.expertenderit.de/blog/internet-of-things-buzzwords-das-bedeuten-die-schlagwoerter?hsCtaTracking=6d6f65d8-0d01-425c-8f98-e32d36d4f13c%7C1ec95a02-5646-43e0-87d2-51c2c320a19a} ,
	URLDATE =  {2017-07-11}
}

@online{morgan_stanley_forecast,
	AUTHOR =  {Tony Danova} ,
	publisher = {Business Insider},
	TITLE =  {Morgan Stanley: 75 Billion Devices Will Be Connected To The Internet Of Things By 2020}  ,
	URL =  {http://www.businessinsider.com/75-billion-devices-will-be-connected-to-the-internet-by-2020-2013-10?IR=T} ,
	URLDATE =  {2017-07-11}
}

@online{huawei_forecast,
	AUTHOR =  {Huawei Technologies Co., Ltd.} ,
	TITLE =  {Huawei's Heavy Investment in Five IoT Solutions Leads to Impressive Breakthroughs}  ,
	URL =  {http://www.huawei.com/en/news/2016/4/wuda-IoT-jiejue-fangan} ,
	URLDATE =  {2017-07-11}
}

@online{toaster,
	TITLE =  {The Internet Toaster}  ,
	AUTHOR =  {Living Internet} ,
	year = {2000},
	month = {January},
	day = {7},
	URL =  {http://www.livinginternet.com/i/ia_myths_toast.htm} ,
	URLDATE =  {2017-07-11}
}

@techreport{revenue_IoT,
	author = {James Manyika and Michael Chui and Peter Bisson and Jonathan Woetzel and Richard Dobbs and Jacques Bughin and Dan Aharon},
	title = {The Internet of Things: Mapping the Value Beyond the Hype},
	year = {2015},
	institution = {McKinsey Global Institute}
}

@techreport{ISOC_IoT,
	author = {Karen Rose and Scott Eldridge and Lyman Chapin},
	title = {The Internet of Things: An Overview},
	year = {2015},
	institution = {The Internet Society (ISOC)}
}

@online{amazon_aws_iot,
	AUTHOR =  {Amazon} ,
	TITLE =  {Amazon AWS IoT}  ,
	URL =  {https://aws.amazon.com/de/iot-platform/} ,
	URLDATE =  {2017-05-27}
}

@online{amazon_aws_iot_button,
	AUTHOR =  {Amazon} ,
	TITLE =  {Amazon AWS IoT Button}  ,
	URL =  {https://aws.amazon.com/de/iotbutton/} ,
	URLDATE =  {2017-07-12}
}

@online{amazon_aws_iot_overview,
	AUTHOR =  {Amazon} ,
	TITLE =  {Amazon AWS IoT Overview}  ,
	URL =  {https://aws.amazon.com/de/iot-platform/how-it-works/} ,
	URLDATE =  {2017-07-12}
}

@techreport{amazon_aws_iot_whitepapers,
	author = {Olawale Oladehin and Brett Francis},
	title = {Core Tenets of IoT},
	year = {2017},
	institution = {Amazon Web Services}
}

@techreport{amazon_aws_iot_developers_guide,
	author = {-},
	title = {AWS IoT Developer Guide},
	year = {2017},
	institution = {Amazon Web Services}
}

@online{microsoft_azure_iot,
	AUTHOR =  {Microsoft} ,
	TITLE =  {Microsoft Azure IoT}  ,
	URL =  {https://www.microsoft.com/en-us/internet-of-things} ,
	URLDATE =  {2017-05-27}
}

@online{microsoft_azure_iot_solutions,
	AUTHOR =  {Microsoft} ,
	TITLE =  {Microsoft Azure IoT Solutions}  ,
	URL =  {https://www.microsoft.com/de-de/internet-of-things/solutions} ,
	URLDATE =  {2017-07-12}
}

@online{microsoft_azure_iot_hub_documentation,
	TITLE =  {Microsoft Azure IoT Hub Documentation}  ,
	AUTHOR =  {Microsoft} ,
	URL =  {https://docs.microsoft.com/de-de/azure/iot-hub/ },
	URLDATE =  {2017-07-12}
}

@online{microsoft_azure_iot_hub,
	TITLE =  {Microsoft Azure IoT Hub}  ,
	AUTHOR =  {Microsoft} ,
	URL =  {https://azure.microsoft.com/de-de/services/iot-hub/} ,
	URLDATE =  {2017-05-27}
}

@online{microsoft_azure_iot_event,
	AUTHOR =  {Microsoft} ,
	TITLE =  {Microsoft Azure IoT Event Hubs}  ,
	URL =  {https://azure.microsoft.com/de-de/services/event-hubs/} ,
	URLDATE =  {2017-05-27}
}

@techreport{microsoft_azure_iot_reference_architecture,
	author = {-},
	title = {Azure IoT Reference Architecture},
	year = {2016},
	institution = {Microsoft}
}

@online{sap_hana_iot_architecture,
	AUTHOR =  {SAP} ,
	TITLE =  {SAP HANA IoT Architecture}  ,
	URL =  {https://help.hana.ondemand.com/iot/frameset.htm?4ab3521d055f41e9bce8837d4abbc09d.html} ,
	URLDATE =  {2017-07-12}
}

@online{kaa,
	AUTHOR =  {Kaa} ,
	TITLE =  {IoT Use Cases}  ,
	URL =  {https://www.kaaproject.org/iot-use-cases/} ,
	URLDATE =  {2017-04-13}
}

@online{kaa_architecure,
	AUTHOR =  {Kaa} ,
	TITLE =  {Kaa Cluster Architecture}  ,
	URL = {https://kaaproject.github.io/kaa/docs/v0.10.0/Architecture-overview/} ,
	URLDATE =  {2017-07-12}
}

@online{kaa_hosted,
	AUTHOR =  {KaaIoT Technologies} ,
	TITLE =  {IoT Cloud Products} ,
	URL =  {https://www.kaaiot.io/products/cloud/} ,
	URLDATE =  {2017-07-12}
}

@online{open_iot_purpose,
	AUTHOR =  {OpenIoT Consortium } ,
	TITLE =  {Open IoT Objectives}  ,
	URL =  {http://www.openiot.eu/?page_id=18} ,
	URLDATE =  {2017-07-12}
}

@online{open_iot_wiki,
	AUTHOR =  {OpenIoT } ,
	TITLE =  {Open IoT Wiki}  ,
	URL =  {https://github.com/OpenIotOrg/openiot/wiki} ,
	URLDATE =  {2017-07-12}
}

@online{philips_hue,
	AUTHOR =  {Philips} ,
	TITLE =  {Philips Hue}  ,
	URL =  {https://www.philips.de/c-p/8718291241737/hue-persoenliche-smarte-led-beleuchtung} ,
	URLDATE =  {2017-10-11}
}

@online{nosql_mongoDB,
	AUTHOR =  {MongoDB, Inc.} ,
	TITLE =  {NoSQL Databases Explained}  ,
	URL =  {https://www.mongodb.com/nosql-explained} ,
	URLDATE =  {2017-10-14}
}

@online{opcua,
	AUTHOR =  {OPC} ,
	TITLE =  {OPC-UA}  ,
	URL =  {https://opcfoundation.org/} ,
	URLDATE =  {2017-10-11}
}

@online{apache_zookeper,
	AUTHOR =  {The Apache Software Foundation} ,
	TITLE =  {Apache ZooKeeper}  ,
	URL =  {https://zookeeper.apache.org/} ,
	URLDATE =  {2017-10-15}
}

@online{sap_erp,
	AUTHOR =  {SAP} ,
	TITLE =  {SAP ERP}  ,
	URL =  {https://www.sap.com/germany/products/enterprise-management-erp.html} ,
	URLDATE =  {2017-10-11}
}

@online{gsn_wiki,
	AUTHOR =  {GSN} ,
	TITLE =  {GSN Wiki}  ,
	URL =  {https://github.com/LSIR/gsn/wiki} ,
	URLDATE =  {2017-07-12}
}

@online{ifttt,
	AUTHOR =  {IFTTT} ,
	TITLE =  {IFTTT overview}  ,
	URL =  {https://ifttt.com/} ,
	URLDATE =  {2017-10-09}
}

@online{open_iot_wiki_LSM,
	AUTHOR =  {OpenIoT} ,
	TITLE =  {Linked Sensor Middleware (LSM)}  ,
	URL =  {https://github.com/OpenIotOrg/openiot/wiki/Data-platform-%28lsm%29} ,
	URLDATE =  {2017-07-12}
}

@online{big_iot,
	AUTHOR =  {BIG IoT} ,
	TITLE =  {BIG IoT}  ,
	URL =  {http://big-iot.eu/} ,
	URLDATE =  {2017-07-13}
}

@online{big_iot_projects,
	AUTHOR =  {BIG IoT} ,
	TITLE =  {BIG IoT Projects}  ,
	URL =  {http://big-iot.eu/project/} ,
	URLDATE =  {2017-07-12}
}

@online{big_iot_business_model,
	AUTHOR =  {Werner Schladofsky and Jelena Mitic and  Alfred Paul Megner and Claudia Simonato and Luca Gioppo and Dimitris Leonardos and Arne Bröring} ,
	TITLE =  {Business Models for Interoperable IoT Ecosystems}  ,
	URL =  {http://www.arne-broering.de/IoT-WS-Paper_BIG_IoT_Business_Models_v0.7.pdf} ,
	URLDATE =  {2017-07-12},
}

@online{schema,
	AUTHOR =  {Schema.org} ,
	TITLE =  {Welcome to Schema.org}  ,
	URL =  {http://schema.org/} ,
	URLDATE =  {2017-07-25}
}

@online{vocabulary_overview,
	AUTHOR =  {Open Knowledge Foundation} ,
	TITLE =  {Linked Open Vocabularies}  ,
	URL =  {http://lov.okfn.org/dataset/lov/} ,
	URLDATE =  {2017-07-25}
}

@online{javafx_shapes,
	AUTHOR =  {Oracle} ,
	TITLE =  {JavaFX: Working with JavaFX Graphics}  ,
	URL =  {https://docs.oracle.com/javase/8/javafx/graphics-tutorial/shape3d.htm#CJAHFAHA} ,
	URLDATE =  {2017-07-26}
}

@online{json_introduction,
	AUTHOR =  {w3schools} ,
	TITLE =  {JSON - Introduction}  ,
	URL =  {https://www.w3schools.com/js/js_json_intro.asp} ,
	URLDATE =  {2017-07-26}
}

@article{xml_bray1997extensible,
	title={Extensible markup language (XML).},
	author={Bray, Tim and Paoli, Jean and Sperberg-McQueen, C Michael and Maler, Eve and Yergeau, Fran{\c{c}}ois},
	journal={World Wide Web Journal},
	volume={2},
	number={4},
	pages={27--66},
	year={1997}
}

@online{iana_ipv4,
	AUTHOR =  {IANA} ,
	TITLE =  {IANA IPv4 Address Space Registry}  ,
	URL =  {https://www.iana.org/assignments/ipv4-address-space/ipv4-address-space.xhtml} ,
	URLDATE =  {2017-07-26}
}

@online{iana_smi,
	AUTHOR =  {IANA} ,
	TITLE =  {Structure of Management Information (SMI) Numbers (MIB Module Registrations)}  ,
	URL =  {https://www.iana.org/assignments/smi-numbers/smi-numbers.xhtml} ,
	URLDATE =  {2017-07-26}
}

@online{omnetpp_simulation_manual,
	AUTHOR =  {OMNeT++} ,
	TITLE =  {Simulation Manual OMNeT++ version 5.1.1}  ,
	URL =  {https://omnetpp.org/doc/omnetpp/manual/#sec:introduction:what-is-omnetpp} ,
	URLDATE =  {2017-09-27}
}

@techreport{RFC7946,
	author = {H. Butler and M. Daly and A. Doyle and S. Gillies and S. Hagen and T. Schaub},
	title = {The GeoJSON Format},
	howpublished = {Internet Requests for Comments},
	type = {RFC},
	number = {7946},
	year = {2016},
	month = {August},
	issn = {2070-1721},
	publisher = {IETF},
	institution = {IETF},
	url = {https://tools.ietf.org/html/rfc7946},
	urldate={2017-07-26}
}

@article{ssn_compton2012ssn,
	title={The SSN ontology of the W3C semantic sensor network incubator group},
	author={Compton, Michael and Barnaghi, Payam and Bermudez, Luis and Garc{\'\i}A-Castro, Ra{\'u}L and Corcho, Oscar and Cox, Simon and Graybeal, John and Hauswirth, Manfred and Henson, Cory and Herzog, Arthur and others},
	journal={Web semantics: science, services and agents on the World Wide Web},
	volume={17},
	pages={25--32},
	year={2012},
	publisher={Elsevier}
}

@techreport{rise,
	AUTHOR = {Hoan-Suk Choi and Deok-Hee Kang and Woo-Seop Rhee},
	TITLE = {RISE: Role-based Internet of Things Service Environment},
	TYPE = {Conference Paper},
	YEAR = {2016},
	PUBLISHER = {IEEE},
	INSTITUTION = {Department of Multimedia Engineering Hanbat National University 34158 Daejeon Korea}
}

@techreport{Design_Principles,
	author = {Dimitro Papadimitrou and Theodore Zahariadis and Pedro Martinez-Julia and Ioanna Papafili and Vito Morreale and Francesco Torelli and Bernard Sales and Piet Demeester},
	title = {Design Principles for the Future Internet Architecture},
	howpublished = {SpringerLink.com},
	type = {Paper},
	year = {2012},
	publisher = {Springer},
	institution = {Alcatel-Lucent Bell Labs, Belgium; Synelixis Solutions, Greece; Univ. of Murica, Spain; Athens University of Economics and Business(AUEB); Engineering, Italy; Ghent University (UGent), Belgium}
}

@techreport{Lightweight_Platform,
	author = {Young Ju Heo and Sung Min Oh and Won Sang Chin and Ju Wook Jang},
	title = {A Lightweight Platform Implementation for Internet of Things},
	howpublished = {IEEE computer society},
	type = {Conference Paper},
	year = {2015},
	publisher = {IEEE},
	institution = {Department of Electronic Engineering, Sogang University, Seoul, South Korea}
}

@techreport{Performance_Evaluation,
	author = {Konstantinos Vandikas and Vlasios Tsiatsis},
	title = {Performance Evaluation of an IoT Platform},
	howpublished = {IEEE computer society},
	type = {Conference Paper},
	year = {2014},
	publisher = {IEEE},
	institution = {Management and Operations of Complex Systems Ericsson Research Stockholm Sweden}
}

@techreport{Designing_a_Smart_City,
	author = {Alexandr Krylovskiy and Marco Jahn and Edoardo Patti},
	title = {Designing a Smart City Internet of Things Platform with Microservice Architecture},
	howpublished = {IEEE computer society},
	type = {Conference Paper},
	year = {2015},
	publisher = {IEEE},
	institution = {Fraunhofer FIT, Sankt Augustin, Germany and Dept. of Control and Computer Engineering, Politecnico di Torino, Italy}
}

@techreport{Resilience,
	author = {Hunor Sándor and Béla Genge and Gheorghe Sebestyén-Pál},
	title = {Resilience in the Internet of Things: The Software Defined Networking Approach},
	howpublished = {IEEE},
	type = {Conference Paper},
	year = {2015},
	publisher = {IEEE},
	institution = {Department of Computer Science Technical University of Cluj-Napoca, Department of Informatics Petru Maior University of Tg. Mures, Department of Computer Science Technical University of Cluj-Napoca}
}

@article{Object_Identifier,
	author={Mealling, Michael},
	title = {A URN Namespace of Object Identifiers},
	type = {Memo},
	year = {2001},
	institution = {IETF, Network Working Group}
}

@techreport{IoT_Ecosystem,
	author = {Arne Br\"oring and Stefan Schmid and Corina-Kim Schindhelm and Abdelmajid Khelil and Sebastian K\"abisch and Denis Kramer and Danh Le Phuoc and Jelena Mitic and Darko Anicic and Ernest Teniente},
	title = {Enabling IoT Ecosystems through Platform Interoperability},
	howpublished = {IEEE},
	type = {Conference Paper},
	year = {2017},
	publisher = {IEEE},
	institution = {Siemens, Bosch Corporate Research, Landshut University of Applied Sciences, Bosch Software Innovations, Technical University of Berlin, Universitat Politècnica de Catalunya}
}

@book{stroustrup1995c++,
	title={The C++ programming language},
	author={Stroustrup, Bjarne},
	year={1995},
	publisher={Pearson Education India}
}

@INPROCEEDINGS{simulator_comparison, 
	author={E. Weingartner and H. vom Lehn and K. Wehrle}, 
	booktitle={2009 IEEE International Conference on Communications}, 
	title={A Performance Comparison of Recent Network Simulators}, 
	year={2009}, 
	volume={}, 
	number={}, 
	pages={1-5}, 
	keywords={telecommunication computing;telecommunication network planning;JiST/SWANS;OMNet++;SimPy;communication systems engineering;network simulators;ns-2;ns-3;performance analysis;standard network simulation tool;Analytical models;Computational modeling;Computer architecture;Computer networks;Computer simulation;Discrete event simulation;Peer to peer computing;Protocols;Runtime;Wireless sensor networks}, 
	doi={10.1109/ICC.2009.5198657}, 
	ISSN={1550-3607}, 
	month={June},
}

@ARTICLE{kerberos_in_real_time, 
	author={B. C. Neuman and T. Ts'o}, 
	journal={IEEE Communications Magazine}, 
	title={Kerberos: an authentication service for computer networks}, 
	year={1994}, 
	volume={32}, 
	number={9}, 
	pages={33-38}, 
	keywords={computer networks;cryptography;message authentication;Kerberos;Mosaic;authentication service;authentication technology;computer networks;cryptography;information retrieval;interactive services;Authentication;Authorization;Computer displays;Computer networks;Cryptography;Delay;Electronic mail;File systems;Information security;Internet}, 
	doi={10.1109/35.312841}, 
	ISSN={0163-6804}, 
	month={Sept},
}

@book{PKI_implementing_and_managing,
	author = {Nash, Andrew and Duane, William and Joseph, Celia},
	title = {PKI: Implementing and Managing E-Security},
	year = {2001},
	isbn = {1590610008},
	publisher = {McGraw-Hill, Inc.},
	address = {New York, NY, USA},
} 

@book{roa_richardson2008restful,
	title={RESTful web services},
	author={Richardson, Leonard and Ruby, Sam},
	year={2008},
	publisher={" O'Reilly Media, Inc."}
}

@ARTICLE{pki_trust_model, 
	author={R. Perlman}, 
	journal={IEEE Network}, 
	title={An overview of PKI trust models}, 
	year={1999}, 
	volume={13}, 
	number={6}, 
	pages={38-43}, 
	keywords={Internet;protocols;public key cryptography;telecommunication security;telecommunication standards;IPSec;Internet;PGP;PKI trust models;PKIX;S/MIME;SSL;X.509;configuration information;flexibility;insecure models;private key;public key based protocols;public key infrastructure;standards;trust rules;unscalable models;Cats;Certification;Computer aided instruction;Content addressable storage;Humans;Internet;Public key;Security;Sun;TV}, 
	doi={10.1109/65.806987}, 
	ISSN={0890-8044}, 
	month={Nov},}


@techreport{Test,
	author = {Konstantinos Vandikas and Vlasios Tsiatsis},
	title = {Performance Evaluation of an IoT Platform},
	howpublished = {IEEE computer society},
	type = {Conference Paper},
	number = {768},
	year = {2014},
	month = {August},
	issn = {2070-1721},
	publisher = {IEEE},
	institution = {Management and Operations of Complex Systems, Ericsson Research, Stockholm, Sweden},
	url = {http://www.rfc-editor.org/rfc/rfc768.txt},
	urldate={2017-02-23}
}

@techreport{RFC1157_SNMP,
	author = {Jeffrey D. Case and Mark Fedor and Martin Lee Schoffstall and James R. Davin},
	title = {Simple Network Management Protocol (SNMP)},
	howpublished = {Internet Requests for Comments},
	type = {STD},
	number = {1157},
	year = {1990},
	month = {May},
	issn = {2070-1721},
	publisher = {RFC Editor},
	institution = {RFC Editor},
	url = {http://www.rfc-editor.org/rfc/rfc1157.txt},
	note = {\url{http://www.rfc-editor.org/rfc/rfc1157.txt}},
}

@techreport{RFC3022_NAT,
	author = {P. Srisuresh and K. Egevang},
	title = {Traditional IP Network Address Translator (Traditional NAT)},
	howpublished = {Internet Requests for Comments},
	type = {RFC},
	number = {3022},
	year = {2001},
	month = {January},
	issn = {2070-1721},
	publisher = {RFC Editor},
	institution = {RFC Editor},
}

@techreport{RFC2616_HTTP1_1,
	author = {Roy T. Fielding and James Gettys and Jeffrey C. Mogul and Henrik Frystyk Nielsen and Larry Masinter and Paul J. Leach and Tim Berners-Lee},
	title = {Hypertext Transfer Protocol -- HTTP/1.1},
	howpublished = {Internet Requests for Comments},
	type = {RFC},
	number = {2616},
	year = {1999},
	month = {June},
	issn = {2070-1721},
	publisher = {RFC Editor},
	institution = {RFC Editor},
	url = {http://www.rfc-editor.org/rfc/rfc2616.txt},
	note = {\url{http://www.rfc-editor.org/rfc/rfc2616.txt}},
}

@techreport{RFC6455_Websocket,
	author = {I. Fette and A. Melnikov},
	title = {The WebSocket Protocol},
	howpublished = {Internet Requests for Comments},
	type = {RFC},
	number = {6455},
	year = {2011},
	month = {December},
	issn = {2070-1721},
	publisher = {RFC Editor},
	institution = {RFC Editor},
	url = {http://www.rfc-editor.org/rfc/rfc6455.txt},
	note = {\url{http://www.rfc-editor.org/rfc/rfc6455.txt}},
}

@techreport{RFC7252_CoAP,
	author = {Z. Shelby and K. Hartke and C. Bormann},
	title = {The Constrained Application Protocol (CoAP)},
	howpublished = {Internet Requests for Comments},
	type = {RFC},
	number = {7252},
	year = {2014},
	month = {June},
	issn = {2070-1721},
	publisher = {RFC Editor},
	institution = {RFC Editor},
	url = {http://www.rfc-editor.org/rfc/rfc7252.txt},
	note = {\url{http://www.rfc-editor.org/rfc/rfc7252.txt}},
}

@techreport{RFC8200_IPv6,
	author = {S. Deering and R. Hinden},
	title = {Internet Protocol, Version 6 (IPv6) Specification},
	howpublished = {Internet Requests for Comments},
	type = {STD},
	number = {8200},
	year = {2017},
	month = {July},
	issn = {2070-1721},
	publisher = {RFC Editor},
	institution = {RFC Editor},
}

@techreport{RFC0791_IPv4,
	author = {Jon Postel},
	title = {Internet Protocol},
	howpublished = {Internet Requests for Comments},
	type = {STD},
	number = {0791},
	year = {1981},
	month = {September},
	issn = {2070-1721},
	publisher = {RFC Editor},
	institution = {RFC Editor},
	url = {http://www.rfc-editor.org/rfc/rfc791.txt},
	note = {\url{http://www.rfc-editor.org/rfc/rfc791.txt}},
}

@misc{json_bray2014javascript,
	title={The JavaScript Object Notation (JSON) Data Interchange Format Internet Engineering Task Force (IETF), 7159},
	author={Bray, T},
	year={2014},
	publisher={ISSN}
}

@article{mqtt_banks2014mqtt,
	title={MQTT Version 3.1. 1},
	author={Banks, Andrew and Gupta, Rahul},
	journal={OASIS standard},
	volume={29},
	year={2014}
}

@book{book_grundkurs_verteilte_systeme,
	Author = {Günther Bengel},
	Title = {Grundkurs Verteilte Systeme: Grundlagen und Praxis des Client-Server und Distributed Computing},
	Publisher = {Springer Vieweg},
	Year = {2015},
	ISBN = {978-3-8348-1670-2}
}

@book{book_design_patterns,
	Author = {Erich Gamma and Richard Helm and Ralph Johnson and John Vlissides},
	Title = {Design Patterns: Elements of Reusable Object-Oriented Software (Addison-Wesley Professional Computing Series)},
	Publisher = {Addison-Wesley Professional},
	Year = {1994},
	ISBN = {0-201-63361-2}
}

@book{book_tannenbaum_verteilte_systeme,
	Author = {Andrew S. Tanenbaum and Maarten van Steen},
	Title = {Verteilte Systeme: Prinzipien und Paradigmen (Pearson Studium - IT) (German Edition)},
	Publisher = {Pearson Studium},
	Year = {2007},
	ISBN = {978-3-8273-7293-2}
}

@inproceedings{dispatcher,
	title={The command dispatcher pattern},
	author={Dupire, Benoit and Fernandez, Eduardo B},
	booktitle={8th Conference on Pattern Languages of Programs (PLOP ‘01)},
	year={2001},
	organization={Citeseer}
}
